@book{Anderson2008sea,
  author={Anderson, Ross J.},
  title={Security Engineering},
  subtitle={A guide to building dependable distributed systems},
  publisher={Wiley},
  address={Indianapolis, IN},
  year={2008},
  edition={2},
  ISBN={978-0-470-06852-6 (hbk.)},
  URL={http://www.cl.cam.ac.uk/~rja14/book.html},
  keywords={IT-s{\"a}kerhet},
}

@book{Gollmann2011cs,
  author={Gollmann, Dieter},
  title={Computer Security},
  publisher={Wiley},
  address={Chichester, West Sussex, U.K.},
  year={2011},
  edition={3},
  ISBN={9780470741153 (pbk.)},
  keywords={IT-s{\"a}kerhet},
}

@techreport{Syverson2001tlo,
  author={Syverson, Paul and
    Cervesato, Iliano},
  title={The Logic of Authentication Protocols},
  institution={Carnegie Mellon University},
  type={Computer Science Department},
  number={37},
  year={2001},
  URL={http://repository.cmu.edu/compsci/37},
}

@article{BAN90alo,
  author={Burrows, Michael and
    Abadi, Martin and
    Needham, Roger},
  title={A logic of authentication},
  journal={ACM Transactions on Computer Systems (TOCS)},
  volume={8},
  number={1},
  month={2},
  year={1990},
  URL={https://dl.acm.org/citation.cfm?id=77649},
}

