@book{Anderson2008sea,
  author={Anderson, Ross J.},
  title={Security Engineering},
  subtitle={A guide to building dependable distributed systems},
  publisher={Wiley},
  address={Indianapolis, IN},
  year={2008},
  edition={2},
  ISBN={978-0-470-06852-6 (hbk.)},
  URL={http://www.cl.cam.ac.uk/~rja14/book.html},
  keywords={IT-s{\"a}kerhet},
}

@book{Gollmann2011cs,
  author={Gollmann, Dieter},
  title={Computer Security},
  publisher={Wiley},
  address={Chichester, West Sussex, U.K.},
  year={2011},
  edition={3},
  ISBN={9780470741153 (pbk.)},
  keywords={IT-s{\"a}kerhet},
}

@techreport{Syverson2001tlo,
  author={Syverson, Paul and
    Cervesato, Iliano},
  title={The Logic of Authentication Protocols},
  institution={Carnegie Mellon University},
  type={Computer Science Department},
  number={37},
  year={2001},
  URL={http://repository.cmu.edu/compsci/37},
}

@article{BAN90alo,
  author={Burrows, Michael and
    Abadi, Martin and
    Needham, Roger},
  title={A logic of authentication},
  journal={ACM Transactions on Computer Systems (TOCS)},
  volume={8},
  number={1},
  month={2},
  year={1990},
  URL={https://dl.acm.org/citation.cfm?id=77649},
}

@online{ProVerif,
  author={Bruno Blanchet},
  title={ProVerif: Cryptographic protocol verifier in the formal model},
  note={Fetched on 25th April 2016},
  URL={http://prosecco.gforge.inria.fr/personal/bblanche/proverif/},
}

@article{AnalyzingSecurityProtocols,
  title={Formal Models and Techniques for Analyzing Security Protocols: 
    A Tutorial},
  author={Cortier, V. and Kremer, S.},
  journal={Foundations and Trends in Programming Languages},
  volume={1},
  number={3},
  pages={151--264},
  year={2014},
  publisher={Now Publishers},
  URL={http://www.loria.fr/~skremer/fosad14/notes.pdf},
}

@incollection{FormalSecurityProofs,
    title =	{Formal Security Proofs},
  	author =	{Comon{-}Lundh, Hubert and Delaune, St{\'e}phanie},
  	booktitle =	{Software Safety and Security},
  	editor =	{Nipkow, Tobias and Grumberg, Orna and Hauptmann, Benedikt},
    series =	{NATO Science for Peace and Security Series~-- D:~Information and 
      Communication Security},
    volume =	{33},
    pages =	{26--63},
    month =	{5},
  	year =	{2012},
    publisher =	{{IOS} Press},
    url =	{http://www.lsv.ens-cachan.fr/Publis/PAPERS/PDF/CD-nato12.pdf},
}
